
@online{swisstopohistdem,
	author = {swisstopo, Bundesamt für Landestopografie},
	title = {{D}ie {D}igitalisierung der {L}andestopografie (1960 - 1980) --- swisstopohistoric.ch},
	howpublished = {\url{https://www.swisstopohistoric.ch/de/archiv/die-digitalisierung-der-landestopografie-(1960-1980)-126.html}},
	year = {},
	note = {[Accessed 08-05-2024]}
}

@online{redbull3x3,
	author = {Andi Spies},
	title = {3x3-Filtermethode},
	howpublished = {\url{https://www.redbull.com/ch-de/kleine-lawinenkunde-teil-8-3x3-filtermethode}},
	year = {2017},
	note = {[Accessed 08-05-2024]}
}

@Book{munter,
  author    = {Werner Munter},
  title     = {3x3 Lawinen},
  publisher = {Athesia-Tappeiner Verlag},
  year      = {2016}
}

@misc{alti3dprod,
	author = {swisstopo, Bundesamt für Landestopografie},
	title = {{S}wiss{A}lti3d {P}roduktinformation},
	howpublished = {\url{https://backend.swisstopo.admin.ch/fileservice/sdweb-docs-prod-swisstopoch-files/files/2023/11/14/6d40e558-c3df-483a-bd88-99ab93b88f16.pdf}},
	year = {2022},
	month        = {03},
	note = {[Accessed 08-05-2024]},
}

@misc{opendataswiss,
	author = {Der Bundesrat, Informationsdienst EDI},
	title = {{B}undesrat will die {N}utzung offener {V}erwaltungsdaten stärker fördern --- admin.ch},
	howpublished = {\url{https://www.admin.ch/gov/de/start/dokumentation/medienmitteilungen.msg-id-73188.html}},
	year = {2018},
	note = {[Accessed 08-05-2024]},
}

@article{gisslopeaspect,
author = {Horn, Berthold},
year = {1981},
month = {02},
pages = {14 - 47},
title = {Hill shading and the reflectance map},
volume = {69},
journal = {Proceedings of the IEEE},
doi = {10.1109/PROC.1981.11918}
}

@article{gismath,
author = {Thorne, Colin et al.},
year = {1987},
month = {01},
pages = {},
title = {Terrain analysis for quantitative description of zero-order basins}
}